[gd_scene load_steps=5 format=2]

[ext_resource path="res://Themes/default_theme.tres" type="Theme" id=1]
[ext_resource path="res://Scripts/ConnectionMenu.gd" type="Script" id=2]
[ext_resource path="res://Sprites/futuristic.png" type="Texture" id=3]

[sub_resource type="ButtonGroup" id=1]

[node name="ConnectionMenu" type="Node2D"]
script = ExtResource( 2 )

[node name="TextureRect" type="TextureRect" parent="."]
margin_right = 1280.0
margin_bottom = 720.0
texture = ExtResource( 3 )
expand = true

[node name="VBoxContainer" type="VBoxContainer" parent="."]
margin_left = 568.0
margin_top = 239.0
margin_right = 718.0
margin_bottom = 403.0

[node name="Server1" type="CheckBox" parent="VBoxContainer"]
margin_right = 157.0
margin_bottom = 38.0
theme = ExtResource( 1 )
group = SubResource( 1 )
text = "Server 1"

[node name="Server2" type="CheckBox" parent="VBoxContainer"]
margin_top = 42.0
margin_right = 157.0
margin_bottom = 80.0
theme = ExtResource( 1 )
group = SubResource( 1 )
text = "Server 2"

[node name="Localhost" type="CheckBox" parent="VBoxContainer"]
margin_top = 84.0
margin_right = 157.0
margin_bottom = 122.0
theme = ExtResource( 1 )
group = SubResource( 1 )
text = "Localhost"

[node name="CustomIP" type="CheckBox" parent="VBoxContainer"]
margin_top = 126.0
margin_right = 157.0
margin_bottom = 164.0
theme = ExtResource( 1 )
group = SubResource( 1 )
text = "Custom IP"

[node name="IPAddress" type="LineEdit" parent="."]
margin_left = 455.0
margin_top = 460.0
margin_right = 698.0
margin_bottom = 484.0
align = 2
placeholder_text = "(Optional) IP Address"

[node name="Port" type="LineEdit" parent="."]
margin_left = 710.0
margin_top = 460.0
margin_right = 809.0
margin_bottom = 484.0
placeholder_text = "Port"

[node name="ConnectButton" type="Button" parent="."]
margin_left = 522.0
margin_top = 513.0
margin_right = 766.0
margin_bottom = 594.0
theme = ExtResource( 1 )
text = "Connect"

[node name="Button" type="Button" parent="."]
margin_left = 36.0
margin_top = 621.0
margin_right = 228.0
margin_bottom = 685.0

[node name="Label" type="Label" parent="Button"]
margin_right = 192.0
margin_bottom = 64.0
theme = ExtResource( 1 )
text = "Back"
align = 1
valign = 1

[connection signal="pressed" from="VBoxContainer/Server1" to="." method="_on_Server1_pressed"]
[connection signal="pressed" from="VBoxContainer/Server2" to="." method="_on_Server2_pressed"]
[connection signal="pressed" from="VBoxContainer/Localhost" to="." method="_on_Localhost_pressed"]
[connection signal="pressed" from="VBoxContainer/CustomIP" to="." method="_on_CustomIP_pressed"]
[connection signal="pressed" from="ConnectButton" to="." method="_on_ConnectButton_pressed"]
[connection signal="pressed" from="Button" to="." method="on_back_button_pressed"]
