[gd_scene load_steps=7 format=2]

[ext_resource path="res://Scripts/Menu.gd" type="Script" id=1]
[ext_resource path="res://Themes/default_theme.tres" type="Theme" id=2]
[ext_resource path="res://Sprites/futuristic.png" type="Texture" id=3]
[ext_resource path="res://Themes/JELLEE-ROMAN.OTF" type="DynamicFontData" id=4]
[ext_resource path="res://Sprites/title3.png" type="Texture" id=5]

[sub_resource type="DynamicFont" id=1]
size = 48
font_data = ExtResource( 4 )

[node name="Menu" type="Node2D"]
script = ExtResource( 1 )

[node name="TextureRect" type="TextureRect" parent="."]
margin_right = 1280.0
margin_bottom = 720.0
texture = ExtResource( 3 )
expand = true

[node name="Title" type="Label" parent="."]
visible = false
margin_left = 244.0
margin_top = 61.0
margin_right = 1038.0
margin_bottom = 241.0
theme = ExtResource( 2 )
custom_fonts/font = SubResource( 1 )
text = "GOLFING OVER IT
WITH YOUR FRIENDS
(WHILE YOU STILL HAVE THEM)"
align = 1

[node name="Title2" type="Sprite" parent="."]
position = Vector2( 643, 175 )
texture = ExtResource( 5 )

[node name="PanelContainer" type="PanelContainer" parent="."]
margin_left = 454.0
margin_top = 278.0
margin_right = 838.0
margin_bottom = 410.0

[node name="VBoxContainer" type="VBoxContainer" parent="PanelContainer"]
margin_left = 7.0
margin_top = 7.0
margin_right = 377.0
margin_bottom = 125.0
rect_min_size = Vector2( 0, 94 )

[node name="Label" type="Label" parent="PanelContainer/VBoxContainer"]
margin_right = 370.0
margin_bottom = 57.0
rect_min_size = Vector2( 0, 57 )
theme = ExtResource( 2 )
text = "Enter your Name:"
align = 1
valign = 1

[node name="LineEdit" type="LineEdit" parent="PanelContainer/VBoxContainer"]
margin_left = 35.0
margin_top = 61.0
margin_right = 335.0
margin_bottom = 101.0
rect_min_size = Vector2( 300, 0 )
size_flags_horizontal = 4
theme = ExtResource( 2 )
align = 1
max_length = 12
placeholder_text = "Anonymous"
caret_blink = true

[node name="PlayOnline" type="Button" parent="."]
margin_left = 454.0
margin_top = 440.0
margin_right = 838.0
margin_bottom = 534.0
theme = ExtResource( 2 )
text = "Play Online"

[node name="PlayLocal" type="Button" parent="."]
margin_left = 454.0
margin_top = 564.0
margin_right = 838.0
margin_bottom = 658.0
theme = ExtResource( 2 )
text = "Play Local"

[connection signal="text_changed" from="PanelContainer/VBoxContainer/LineEdit" to="." method="_on_LineEdit_text_changed"]
[connection signal="pressed" from="PlayOnline" to="." method="_on_PlayOnline_pressed"]
[connection signal="pressed" from="PlayLocal" to="." method="_on_PlayLocal_pressed"]
