[gd_scene load_steps=15 format=2]

[ext_resource path="res://Scripts/EndingArea.gd" type="Script" id=1]
[ext_resource path="res://Sprites/grassGreenGodot.png" type="Texture" id=2]
[ext_resource path="res://Sprites/woodColor.png" type="Texture" id=3]
[ext_resource path="res://Sprites/generic sky.png" type="Texture" id=4]
[ext_resource path="res://Scenes/Subscenes/SpawnPoint.tscn" type="PackedScene" id=5]

[sub_resource type="RectangleShape2D" id=1]
extents = Vector2( 137, 33 )

[sub_resource type="RectangleShape2D" id=2]
extents = Vector2( 137, 33 )

[sub_resource type="RectangleShape2D" id=3]
extents = Vector2( 450.476, 33 )

[sub_resource type="Animation" id=4]
length = 0.001
tracks/0/type = "value"
tracks/0/path = NodePath(".:rotation_degrees")
tracks/0/interp = 1
tracks/0/loop_wrap = true
tracks/0/imported = false
tracks/0/enabled = true
tracks/0/keys = {
"times": PoolRealArray( 0 ),
"transitions": PoolRealArray( 1 ),
"update": 0,
"values": [ -90.0 ]
}

[sub_resource type="Animation" id=5]
resource_name = "Windmill 2"
length = 9.5
loop = true
tracks/0/type = "value"
tracks/0/path = NodePath(".:rotation_degrees")
tracks/0/interp = 1
tracks/0/loop_wrap = true
tracks/0/imported = false
tracks/0/enabled = true
tracks/0/keys = {
"times": PoolRealArray( 0, 9.5 ),
"transitions": PoolRealArray( 1, 1 ),
"update": 0,
"values": [ -90.0, 270.0 ]
}

[sub_resource type="Animation" id=6]
length = 0.001
tracks/0/type = "value"
tracks/0/path = NodePath(".:rotation_degrees")
tracks/0/interp = 1
tracks/0/loop_wrap = true
tracks/0/imported = false
tracks/0/enabled = true
tracks/0/keys = {
"times": PoolRealArray( 0 ),
"transitions": PoolRealArray( 1 ),
"update": 0,
"values": [ 0.0 ]
}

[sub_resource type="Animation" id=7]
resource_local_to_scene = true
resource_name = "Windmill"
length = 9.5
loop = true
tracks/0/type = "value"
tracks/0/path = NodePath(".:rotation_degrees")
tracks/0/interp = 1
tracks/0/loop_wrap = true
tracks/0/imported = false
tracks/0/enabled = true
tracks/0/keys = {
"times": PoolRealArray( 0, 9.5 ),
"transitions": PoolRealArray( 1, 1 ),
"update": 0,
"values": [ 0.0, 360.0 ]
}

[sub_resource type="RectangleShape2D" id=8]
extents = Vector2( 137, 33 )

[sub_resource type="RectangleShape2D" id=9]
extents = Vector2( 38, 9.25 )

[node name="TestLevel2" type="Node2D"]

[node name="Background" type="Sprite" parent="."]
position = Vector2( 512, 296 )
scale = Vector2( 6.69333, 2.94 )
z_index = -1000
texture = ExtResource( 4 )

[node name="Ground1" type="StaticBody2D" parent="."]
position = Vector2( 9, 296 )
rotation = 1.5708
scale = Vector2( 2.2, 0.3 )
__meta__ = {
"_edit_group_": true
}

[node name="CollisionShape2D" type="CollisionShape2D" parent="Ground1"]
shape = SubResource( 1 )

[node name="Sprite" type="Sprite" parent="Ground1"]
scale = Vector2( 4.21875, 1 )
texture = ExtResource( 2 )

[node name="Ground2" type="StaticBody2D" parent="."]
position = Vector2( 514, 590 )
scale = Vector2( 3.8, 0.3 )
__meta__ = {
"_edit_group_": true
}

[node name="CollisionShape2D" type="CollisionShape2D" parent="Ground2"]
shape = SubResource( 2 )

[node name="Sprite" type="Sprite" parent="Ground2"]
scale = Vector2( 4.21875, 1 )
texture = ExtResource( 2 )

[node name="Ground3" type="StaticBody2D" parent="."]
position = Vector2( 1015, 292 )
rotation = 1.5708
scale = Vector2( 2.15, 0.3 )
__meta__ = {
"_edit_group_": true
}

[node name="CollisionShape2D" type="CollisionShape2D" parent="Ground3"]
shape = SubResource( 3 )

[node name="Sprite" type="Sprite" parent="Ground3"]
scale = Vector2( 4.21875, 1 )
texture = ExtResource( 2 )

[node name="Ground4" type="StaticBody2D" parent="."]
position = Vector2( 538, 287 )
rotation = -1.5708
scale = Vector2( 1.75, 0.3 )
__meta__ = {
"_edit_group_": true
}

[node name="CollisionShape2D" type="CollisionShape2D" parent="Ground4"]
scale = Vector2( 0.3, 1 )
shape = SubResource( 3 )

[node name="Sprite" type="Sprite" parent="Ground4"]
scale = Vector2( 4.21875, 1 )
texture = ExtResource( 3 )

[node name="AnimationPlayer" type="AnimationPlayer" parent="Ground4"]
autoplay = "Windmill 2"
method_call_mode = 1
anims/RESET = SubResource( 4 )
"anims/Windmill 2" = SubResource( 5 )

[node name="Ground5" type="StaticBody2D" parent="."]
position = Vector2( 538, 287 )
scale = Vector2( 1.75, 0.3 )
__meta__ = {
"_edit_group_": true
}

[node name="CollisionShape2D" type="CollisionShape2D" parent="Ground5"]
position = Vector2( -0.285767, 0 )
scale = Vector2( 0.3, 1 )
shape = SubResource( 3 )

[node name="Sprite" type="Sprite" parent="Ground5"]
scale = Vector2( 4.21875, 1 )
texture = ExtResource( 3 )

[node name="AnimationPlayer" type="AnimationPlayer" parent="Ground5"]
autoplay = "Windmill"
method_call_mode = 1
anims/RESET = SubResource( 6 )
anims/Windmill = SubResource( 7 )

[node name="Ground6" type="StaticBody2D" parent="."]
position = Vector2( 129, 198 )
rotation = 1.5708
scale = Vector2( 0.5, 0.3 )
__meta__ = {
"_edit_group_": true
}

[node name="CollisionShape2D" type="CollisionShape2D" parent="Ground6"]
shape = SubResource( 8 )

[node name="Sprite" type="Sprite" parent="Ground6"]
scale = Vector2( 4.21875, 1 )
texture = ExtResource( 2 )

[node name="Ground7" type="StaticBody2D" parent="."]
position = Vector2( 71, 261 )
scale = Vector2( 0.5, 0.3 )
__meta__ = {
"_edit_group_": true
}

[node name="CollisionShape2D" type="CollisionShape2D" parent="Ground7"]
shape = SubResource( 8 )

[node name="Sprite" type="Sprite" parent="Ground7"]
scale = Vector2( 4.21875, 1 )
texture = ExtResource( 2 )

[node name="EndingArea2" type="Area2D" parent="."]
script = ExtResource( 1 )

[node name="CollisionShape2D" type="CollisionShape2D" parent="EndingArea2"]
position = Vector2( 69, 231 )
shape = SubResource( 9 )

[node name="Ground8" type="StaticBody2D" parent="."]
position = Vector2( 512, 0 )
scale = Vector2( 3.8, 0.3 )
__meta__ = {
"_edit_group_": true
}

[node name="CollisionShape2D" type="CollisionShape2D" parent="Ground8"]
shape = SubResource( 2 )

[node name="Sprite" type="Sprite" parent="Ground8"]
scale = Vector2( 4.21875, 1 )
texture = ExtResource( 2 )

[node name="SpawnPoint" parent="." instance=ExtResource( 5 )]
position = Vector2( 947, 519 )

[connection signal="body_entered" from="EndingArea2" to="EndingArea2" method="_on_EndingArea_body_entered"]
